<record><leader>00000cas a22000007a 4500</leader><controlfield tag="001">8560666</controlfield><controlfield tag="008">820629c19819999mauwr ne      0   a0eng d</controlfield><datafield ind1=" " ind2=" " tag="010"><subfield code="a">sn 82004713 </subfield></datafield><datafield ind1=" " ind2=" " tag="040"><subfield code="a">NSD</subfield><subfield code="b">eng</subfield><subfield code="c">NSD</subfield><subfield code="d">DLC</subfield><subfield code="d">MGN</subfield><subfield code="d">OCLCQ</subfield></datafield><datafield ind1=" " ind2=" " tag="012"><subfield code="m">1</subfield></datafield><datafield ind1="1" ind2=" " tag="022"><subfield code="a">0744-7930</subfield><subfield code="l">0744-7930</subfield><subfield code="2">1</subfield></datafield><datafield ind1=" " ind2=" " tag="032"><subfield code="a">034380</subfield><subfield code="b">USPS</subfield></datafield><datafield ind1=" " ind2=" " tag="037"><subfield code="b">Beacon-Minute Man Corp., 20 Main St., Acton, MA 01720</subfield></datafield><datafield ind1=" " ind2=" " tag="042"><subfield code="a">nsdp</subfield><subfield code="a">msc</subfield></datafield><datafield ind1="0" ind2=" " tag="130"><subfield code="a">Beacon (Acton, Mass. : 1981)</subfield></datafield><datafield ind1=" " ind2="4" tag="222"><subfield code="a">The Beacon</subfield><subfield code="b">(Acton, Mass.)</subfield></datafield><datafield ind1="1" ind2="4" tag="245"><subfield code="a">The Beacon.</subfield></datafield><datafield ind1=" " ind2=" " tag="260"><subfield code="a">Acton, MA :</subfield><subfield code="b">Beacon Communications Corp.</subfield></datafield><datafield ind1=" " ind2=" " tag="300"><subfield code="a">v.</subfield></datafield><datafield ind1=" " ind2=" " tag="310"><subfield code="a">Weekly</subfield></datafield><datafield ind1="1" ind2=" " tag="362"><subfield code="a">Began Oct. 22, 1981.</subfield></datafield><datafield ind1=" " ind2=" " tag="588"><subfield code="a">Description based on: Vol. 36, no. 26 (July 3, 1986).</subfield></datafield><datafield ind1=" " ind2=" " tag="752"><subfield code="a">United States</subfield><subfield code="b">Massachusetts</subfield><subfield code="c">Middlesex</subfield><subfield code="d">Acton.</subfield></datafield><datafield ind1=" " ind2=" " tag="752"><subfield code="a">United States</subfield><subfield code="b">Massachusetts</subfield><subfield code="c">Middlesex</subfield><subfield code="d">Boxborough.</subfield></datafield><datafield ind1=" " ind2=" " tag="752"><subfield code="a">United States</subfield><subfield code="b">Massachusetts</subfield><subfield code="c">Middlesex</subfield><subfield code="d">Bolton.</subfield></datafield><datafield ind1=" " ind2=" " tag="752"><subfield code="a">United States</subfield><subfield code="b">Massachusetts</subfield><subfield code="c">Middlesex</subfield><subfield code="d">Maynard.</subfield></datafield><datafield ind1=" " ind2=" " tag="752"><subfield code="a">United States</subfield><subfield code="b">Massachusetts</subfield><subfield code="c">Middlesex</subfield><subfield code="d">Stow.</subfield></datafield><datafield ind1="0" ind2=" " tag="775"><subfield code="t">Beacon (Acton, Mass. : Maynard ed.)</subfield><subfield code="w">(DLC)sn 94055643</subfield></datafield><datafield ind1="0" ind2=" " tag="775"><subfield code="t">Maynard beacon</subfield><subfield code="w">(DLC)sn 93058819</subfield></datafield><datafield ind1="0" ind2="0" tag="780"><subfield code="t">Assabet Valley beacon</subfield><subfield code="w">(DLC)sn 89062010</subfield></datafield><datafield ind1=" " ind2=" " tag="936"><subfield code="a">June 10, 1982</subfield></datafield></record>